<?xml version="1.0" encoding="UTF-8"?><record xmlns="http://www.loc.gov/MARC21/slim" xmlns:cinclude="http://apache.org/cocoon/include/1.0" xmlns:zs="http://www.loc.gov/zing/srw/">
  <leader>01247cz  a2200181n  4500</leader>
  <controlfield tag="001">n  88236364 </controlfield>
  <controlfield tag="003">DLC</controlfield>
  <controlfield tag="005">20101015074843.0</controlfield>
  <controlfield tag="008">900712n| acannaabn          |a ana     c</controlfield>
  <datafield tag="010" ind1=" " ind2=" ">
    <subfield code="a">n  88236364 </subfield>
  </datafield>
  <datafield tag="035" ind1=" " ind2=" ">
    <subfield code="a">(OCoLC)oca02778591</subfield>
  </datafield>
  <datafield tag="040" ind1=" " ind2=" ">
    <subfield code="a">N</subfield>
    <subfield code="b">eng</subfield>
    <subfield code="c">DLC</subfield>
    <subfield code="d">N</subfield>
  </datafield>
  <datafield tag="087" ind1=" " ind2=" ">
    <subfield code="a">SCH 310</subfield>
    <subfield code="2">nydocs</subfield>
  </datafield>
  <datafield tag="110" ind1="2" ind2=" ">
    <subfield code="a">University of the State of New York.</subfield>
    <subfield code="b">Office of School Improvement and Support</subfield>
  </datafield>
  <datafield tag="410" ind1="2" ind2=" ">
    <subfield code="a">University of the State of New York.</subfield>
    <subfield code="b">School Improvement and Support</subfield>
  </datafield>
  <datafield tag="510" ind1="2" ind2=" ">
    <subfield code="w">b</subfield>
    <subfield code="a">University of the State of New York.</subfield>
    <subfield code="b">Office of Elementary, Middle, and Secondary Education</subfield>
  </datafield>
  <datafield tag="670" ind1=" " ind2=" ">
    <subfield code="a">School executive's bulletin, May 1990:</subfield>
    <subfield code="b">caption (the University of the State of New York, the State Education Department; Offices of Elementary and Secondary Education and School Improvement and Support); July 1991: p. 1 (At its May 1991 meeting, the Board of Regents approved a proposal for the reorganization of the Office of Elementary and Secondary Education and the Office of School Improvement and Support into a single Office of Elementary, Middle and Secondary Education)</subfield>
  </datafield>
  <datafield tag="670" ind1=" " ind2=" ">
    <subfield code="a">Univ. of State of NY. Administrative policy handbook, 1990:</subfield>
    <subfield code="b">p. 2 (organization chart: University of the State of New York, [Office of] School Improvement and Support)</subfield>
  </datafield>
</record>